@article{Tchebichef1852,
    author = {Tchebichef},
    journal = {Journal de Mathématiques Pures et Appliquées},
    language = {fre},
    pages = {366-390},
    title = {Mémoire sur les nombres premiers.},
    url = {http://eudml.org/doc/234762},
    year = {1852},
}

@book{bertrand1845,
    title={M{\'e}moire sur le nombre de valeurs que peut prendre une fonction: quand on y permute les lettres qu'elle renferme},
    author={Bertrand, J.},
    url={https://books.google.pl/books?id=91DCXwAACAAJ},
    year={1845},
    publisher={Bachelier}
}

@misc{helfgott2014ternary,
    title={The ternary Goldbach conjecture is true},
    author={H. A. Helfgott},
    year={2014},
    eprint={1312.7748},
    archivePrefix={arXiv},
    primaryClass={math.NT},
    note = {\url {https://arxiv.org/abs/1312.7748}},
}

@misc{helfgott2013minor,
    title={Minor arcs for Goldbach's problem},
    author={H. A. Helfgott},
    year={2013},
    eprint={1205.5252},
    archivePrefix={arXiv},
    primaryClass={math.NT},
    note = {\url {https://arxiv.org/abs/1305.2897}},
}

@misc{helfgott2015ternary,
    title={The ternary Goldbach problem},
    author={Harald Andres Helfgott},
    year={2015},
    eprint={1501.05438},
    archivePrefix={arXiv},
    primaryClass={math.NT},
    note = {\url {https://arxiv.org/abs/1501.05438}},
}

@misc{kolosov2021github,
    title={Supplementary programs},
    author={Petro Kolosov},
    year={2021},
    eprint={1501.05438},
    archivePrefix={arXiv},
    primaryClass={math.NT},
    note = {\url {https://github.com/kolosovpetro/GoldbachConjecture}},
}


@article{beardon1996sums,
    title = {Sums of powers of integers},
    author = {Beardon, Alan F.},
    journal = {The American mathematical monthly},
    volume = {103},
    number = {3},
    pages = {201--213},
    year = {1996},
    publisher = {Taylor \& Francis}
}

@book{abramowitz1972handbook,
    title = {Handbook of mathematical functions: with formulas, graphs, and mathematical tables},
    author = {Abramowitz, Milton and Stegun, Irene A. and others},
    volume = {55},
    year = {1972},
    publisher = {National bureau of standards Washington, DC}
}

@book{bateman1953higher,
    title = {Higher transcendental functions [volumes i-iii]},
    author = {Bateman, Harry},
    volume = {1},
    year = {1953},
    publisher = {McGraw-Hill Book Company}
}

